<?xml version='1.0' encoding='UTF-8'?>
<collection xmlns="http://www.loc.gov/MARC21/slim">

<record>
  <leader>00617nam  2200169   45  </leader>
  <controlfield tag='001'>ANA0019058</controlfield>
  <controlfield tag='005'>20041127000000.0</controlfield>
  <datafield tag='020' ind1=' ' ind2=' '>
    <subfield code='a'>IT</subfield>
    <subfield code='b'>1929 4793</subfield>
  </datafield>
  <datafield tag='100' ind1=' ' ind2=' '>
    <subfield code='a'>20061219D1948    |||u0ITAa01030506ba</subfield>
  </datafield>
  <datafield tag='101' ind1='|' ind2=' '>
    <subfield code='a'>ITA</subfield>
  </datafield>
  <datafield tag='102' ind1=' ' ind2=' '>
    <subfield code='a'>IT</subfield>
  </datafield>
  <datafield tag='105' ind1=' ' ind2=' '>
    <subfield code='a'>        00|||</subfield>
  </datafield>
  <datafield tag='200' ind1='1' ind2=' '>
    <subfield code='a'>Teatro elisabettiano</subfield>
    <subfield code='e'>Kyd, Marlowe, Heywood, Marston, Jonson, Webster, Tourneur, Ford</subfield>
    <subfield code='f'>[sotto la direzione di Mario Praz]</subfield>
  </datafield>
  <datafield tag='210' ind1=' ' ind2=' '>
    <subfield code='a'>Firenze</subfield>
    <subfield code='c'>Sansoni</subfield>
    <subfield code='d'>stampa 1948</subfield>
  </datafield>
  <datafield tag='215' ind1=' ' ind2=' '>
    <subfield code='a'>XXVIII, 1274 p.</subfield>
    <subfield code='d'>21 cm.</subfield>
  </datafield>
  <datafield tag="225" ind1=" " ind2="1">
    <subfield code="a">I grandi classici stranieri</subfield>
  </datafield>
  <datafield tag="300" ind1=" " ind2=" ">
    <subfield code="a">Trad. di Gabriele Baldini</subfield>
  </datafield>  
  <datafield tag="300" ind1=" " ind2=" ">
    <subfield code="a">Altra nota</subfield>
  </datafield>  
  <datafield tag="225" ind1=" " ind2="1">
    <subfield code="a">I grandi classici stranieri</subfield>
  </datafield>
  <datafield tag='702' ind1=' ' ind2='1'>
    <subfield code='a'>Praz, Mario</subfield>
    <subfield code='3'>CCFIV000494</subfield>
  </datafield>
  <datafield tag='801' ind1=' ' ind2='0'>
    <subfield code='a'>IT</subfield>
    <subfield code='b'>sPolo Regionale Lombardo</subfield>
    <subfield code='c'>20041127</subfield>
    <subfield code='g'>RICA</subfield>
  </datafield>
  <datafield tag='950' ind1=' ' ind2='0'>
    <subfield code='a'>LO1 44 Biblioteca Accademia dei Filodrammatici Milano</subfield>
    <subfield code='d'>S.I 14</subfield>
    <subfield code='e'>   00004552</subfield>
  </datafield>
</record>