
<record>
  <leader>00925nam  2200253   45  </leader>
  <controlfield tag='001'>MIL0066910</controlfield>
  <controlfield tag='005'>20040225000000.0</controlfield>
  <datafield tag='100' ind1=' ' ind2=' '>
    <subfield code='a'>20061219D1977    |||u0ITAa01030506ba</subfield>
  </datafield>
  <datafield tag='101' ind1='|' ind2=' '>
    <subfield code='a'>ITA</subfield>
  </datafield>
  <datafield tag='102' ind1=' ' ind2=' '>
    <subfield code='a'>IT</subfield>
  </datafield>
  <datafield tag='105' ind1=' ' ind2=' '>
    <subfield code='a'>        00|||</subfield>
  </datafield>
  <datafield tag='200' ind1='1' ind2=' '>
    <subfield code='a'>Quarant&apos;anni di palcoscenico</subfield>
    <subfield code='f'>Paolo Grassi</subfield>
    <subfield code='g'>a cura di Emilio Pozzi</subfield>
    <subfield code='g'>in appendice: lettere di Giorgio Strehler e Claudio Abbado</subfield>
  </datafield>
  <datafield tag='205' ind1=' ' ind2=' '>
    <subfield code='a'>2. ed.</subfield>
  </datafield>
  <datafield tag='210' ind1=' ' ind2=' '>
    <subfield code='a'>Milano</subfield>
    <subfield code='c'>Mursia</subfield>
    <subfield code='d'>1977</subfield>
  </datafield>
  <datafield tag='215' ind1=' ' ind2=' '>
    <subfield code='a'>368 p.</subfield>
    <subfield code='c'>\16] c. di tav.</subfield>
    <subfield code='d'>22 cm.</subfield>
  </datafield>
  <datafield tag='225' ind1='2' ind2=' '>
    <subfield code='a'>Voci, uomini e tempi</subfield>
    <subfield code='v'>        11</subfield>
  </datafield>
  <datafield tag='410' ind1=' ' ind2='0'>
    <subfield code='1'>001RAV0175189</subfield>
    <subfield code='1'>2001 </subfield>
    <subfield code='a'>Voci, uomini e tempi</subfield>
  </datafield>
  <datafield tag='676' ind1=' ' ind2=' '>
    <subfield code='a'>792</subfield>
    <subfield code='v'>19</subfield>
  </datafield>
  <datafield tag='700' ind1=' ' ind2='1'>
    <subfield code='a'>Grassi, Paolo &lt;1919-1981&gt;</subfield>
    <subfield code='3'>CMILV183046</subfield>
  </datafield>
  <datafield tag='702' ind1=' ' ind2='1'>
    <subfield code='a'>Pozzi, Emilio</subfield>
    <subfield code='3'>CCFIV010405</subfield>
  </datafield>
  <datafield tag='702' ind1=' ' ind2='1'>
    <subfield code='a'>Strehler, Giorgio</subfield>
    <subfield code='3'>CCFIV012914</subfield>
  </datafield>
  <datafield tag='702' ind1=' ' ind2='1'>
    <subfield code='a'>Abbado, Claudio</subfield>
    <subfield code='3'>CCFIV059870</subfield>
  </datafield>
  <datafield tag='801' ind1=' ' ind2='0'>
    <subfield code='a'>IT</subfield>
    <subfield code='b'>sPolo Regionale Lombardo</subfield>
    <subfield code='c'>20040225</subfield>
    <subfield code='g'>RICA</subfield>
  </datafield>
  <datafield tag='950' ind1=' ' ind2='0'>
    <subfield code='a'>LO1 44 Biblioteca Accademia dei Filodrammatici Milano</subfield>
    <subfield code='d'>O.IV 13</subfield>
    <subfield code='e'>   00004027</subfield>
  </datafield>
</record>

</collection>